<record><leader>00000cas a22000007a 4500</leader><controlfield tag="001">14442721</controlfield><controlfield tag="008">861020u1uuuuuuutxuwr ne      0    0eng d</controlfield><datafield ind1=" " ind2=" " tag="010"><subfield code="a">sn 86089729 </subfield></datafield><datafield ind1=" " ind2=" " tag="040"><subfield code="a">PPM</subfield><subfield code="b">eng</subfield><subfield code="c">PPM</subfield><subfield code="d">OCLCQ</subfield></datafield><datafield ind1=" " ind2=" " tag="042"><subfield code="a">msc</subfield></datafield><datafield ind1="0" ind2="4" tag="245"><subfield code="a">The Texas mesquiter.</subfield></datafield><datafield ind1=" " ind2=" " tag="260"><subfield code="a">Mesquite, Tex. :</subfield><subfield code="b">R.S. Kimbrough</subfield></datafield><datafield ind1=" " ind2=" " tag="300"><subfield code="a">v. :</subfield><subfield code="b">ill.</subfield></datafield><datafield ind1=" " ind2=" " tag="310"><subfield code="a">Weekly</subfield></datafield><datafield ind1=" " ind2=" " tag="515"><subfield code="a">Continues numbering of: The Weekly mesquiter.</subfield></datafield><datafield ind1=" " ind2=" " tag="580"><subfield code="a">Weekend edition called: Weekend mesquiter and messenger.</subfield></datafield><datafield ind1=" " ind2=" " tag="588"><subfield code="a">Description based on: Vol. 8, no. 30 (Aug. 23, 1889).</subfield></datafield><datafield ind1=" " ind2=" " tag="752"><subfield code="a">United States</subfield><subfield code="b">Texas</subfield><subfield code="c">Dallas</subfield><subfield code="d">Mesquite.</subfield></datafield><datafield ind1="1" ind2=" " tag="775"><subfield code="t">Weekend mesquiter and messenger</subfield></datafield><datafield ind1="0" ind2="0" tag="780"><subfield code="t">Weekly mesquiter</subfield></datafield><datafield ind1="1" ind2=" " tag="029"><subfield code="a">AU@</subfield><subfield code="b">000025841419</subfield></datafield></record>